@misc{araujo_abntex2_2014,
  title = {{{abnTeX2}} - {{Modelo}} Can{\^o}nico de Trabalhos Acad{\^e}micos Em {{LaTeX}}},
  timestamp = {2016-11-28T12:18:35Z},
  publisher = {{CPAI}},
  author = {de Ara{\'u}jo, Lauro C{\'e}sar},
  year = {2014}
}

@misc{gorsky_alguns_2012,
  title = {Alguns Aspectos Epistemol{\'o}gicos Dos Conceitos de Enigma E de Surpresa},
  timestamp = {2016-11-28T12:18:35Z},
  author = {Gorsky, Samir B.},
  year = {2012}
}

@phdthesis{siqueira_logica_2008,
  address = {Bras{\'\i}lia, DF},
  type = {Disserta{\c c}{\~a}o / Dissertation},
  title = {{A l{\'o}gica e a linguagem como fundamentos da arquitetura da informa{\c c}{\~a}o}},
  language = {pt\_BR},
  timestamp = {2016-11-28T12:17:59Z},
  urldate = {2016-05-31},
  school = {Universidade de Bras{\'\i}lia},
  author = {de Siqueira, Andr{\'e} Henrique},
  year = {2008}
}

@phdthesis{gorsky_logica_2013,
  address = {Campinas},
  type = {Tese de Doutorado},
  title = {{A l{\'o}gica e a metaf{\'\i}sica dos enigmas : surpresa, espanto e informa{\c c}{\~a}o}},
  shorttitle = {{A l{\'o}gica e a metaf{\'\i}sica dos enigmas}},
  language = {por},
  timestamp = {2016-11-28T12:18:35Z},
  urldate = {2015-05-26},
  school = {Universidade de Campinas},
  author = {Gorsky, Samir Bezerra and Carnielli, Walter Alexandre},
  month = mar,
  year = {2013}
}

@phdthesis{silva_ambiguidades_2009,
  address = {Bras{\'\i}lia, DF},
  type = {Disserta{\c c}{\~a}o / Dissertation},
  title = {{Ambig{\"u}idades da l{\'\i}ngua portuguesa : recorte classificat{\'o}rio para a elabora{\c c}{\~a}o de um modelo ontol{\'o}gico}},
  shorttitle = {{Ambig{\"u}idades da l{\'\i}ngua portuguesa}},
  language = {pt\_BR},
  timestamp = {2016-11-28T12:18:35Z},
  urldate = {2016-05-31},
  school = {Universidade de Bras{\'\i}lia},
  author = {da Silva, L{\'u}cio Buzon},
  collaborator = {Lima-Marques, Mamede},
  month = nov,
  year = {2009}
}

@inproceedings{pereirajunior_phenomenological_2012,
  address = {Madrid},
  title = {A {{Phenomenological Architecture}} of {{Information Approach}} to {{Online Education}}},
  timestamp = {2016-11-28T12:18:35Z},
  booktitle = {5th {{International Conference}} of {{Education}}, {{Research}} and {{Innovation}} - {{ICERI}} 2012},
  author = {Pereira J{\'u}nior, Romualdo Alves and Oliveira Junior, D. A. and Seimetz, E. M. and Lima-Marques, Mamede},
  year = {2012}
}

@misc{araujo_applications_2014,
  title = {Applications of {{Modal Logic Programming}} in {{Architecture}} of {{Information}}},
  timestamp = {2016-11-28T12:18:35Z},
  author = {Ara{\'u}jo, Lauro C{\'e}sar and Gorsky, Samir B. and Costa, Ismael M. and Nicoloa, J. R. M.},
  year = {2014}
}

@article{choas_arquitetura_2012,
  title = {{Arquitetura da informa{\c c}{\~a}o para integra{\c c}{\~a}o de dados alfanum{\'e}ricos e espaciais para apoio {\`a} tomada de decis{\~a}o}},
  volume = {1},
  copyright = {Direitos autorais},
  issn = {1808-0936},
  language = {pt},
  timestamp = {2016-11-28T12:33:44Z},
  number = {64},
  urldate = {2015-04-24},
  journal = {Revista Brasileira de Cartografia},
  author = {de Choas, Mona Lisa Lobo and Rosa, Antonio Nuno de Castro Santa and Lima-Marques, Mamede and Roig, Henrique Llacer},
  month = oct,
  year = {2012},
  pages = {103--111}
}

@phdthesis{azevedo_arquitetura_2014,
  address = {Bras{\'\i}lia},
  type = {Disserta{\c c}{\~a}o de Mestrado em Ci{\^e}ncias da Informa{\c c}{\~a}o},
  title = {Arquitetura Da {{Informa{\c c}{\~a}o}} Para Sistemas de Escolhas Sociais},
  timestamp = {2016-11-28T12:18:35Z},
  school = {Universidade de Bras{\'\i}lia},
  author = {Azevedo, Rafael Fernandes de Barros Costa},
  collaborator = {Lima-Marques, Mamede},
  year = {2014}
}

@phdthesis{lacerda_arquitetura_2016,
  address = {Bras{\'\i}lia, DF},
  type = {Tese / Thesis},
  title = {{Arquitetura da Informa{\c c}{\~a}o Pervasiva : projetos de ecossistemas de informa{\c c}{\~a}o na internet das coisas}},
  shorttitle = {{Arquitetura da Informa{\c c}{\~a}o Pervasiva}},
  language = {por},
  timestamp = {2016-11-28T12:18:35Z},
  urldate = {2016-05-31},
  school = {Universidade de Bras{\'\i}lia},
  author = {Lacerda, Fl{\'a}via},
  collaborator = {Lima-Marques, Mamede},
  month = mar,
  year = {2016}
}

@phdthesis{siqueira_arquitetura_2012,
  address = {Bras{\'\i}lia, DF},
  type = {Doutorado},
  title = {{Arquitetura da informa{\c c}{\~a}o: uma proposta para fundamenta{\c c}{\~a}o e caracteriza{\c c}{\~a}o da disciplina cient{\'\i}fica}},
  language = {por},
  timestamp = {2016-11-28T12:18:35Z},
  school = {Universidade de Bras{\'\i}lia, Faculdade de Ci{\^e}ncia da Informa{\c c}{\~a}o},
  author = {Siqueira, Andr{\'e} Henrique},
  month = aug,
  year = {2012},
  keywords = {Arquitetura da informação,Ciência da informação,Teoria do Conhecimento}
}

@phdthesis{brelaz_arquitetura_2014,
  address = {Bras{\'\i}lia, DF},
  type = {Disserta{\c c}{\~a}o (Mestrado em Ci{\^e}ncia da Informa{\c c}{\~a}o)},
  title = {{Arquitetura de Informa{\c c}{\~a}o Qu{\^a}ntica com base na fenomenologia}},
  language = {pt},
  timestamp = {2016-11-28T12:18:35Z},
  school = {Universidade de Bras{\'\i}lia, Faculdade de Ci{\^e}ncia da Informa{\c c}{\~a}o},
  author = {Brelaz, Achilles},
  collaborator = {Lima-Marques, Mamede},
  year = {2014}
}

@phdthesis{lorens_aspectos_2009,
  address = {Bras{\'\i}lia, DF},
  type = {Disserta{\c c}{\~a}o / Dissertation},
  title = {{Aspectos normativos da seguran{\c c}a da informa{\c c}{\~a}o : um modelo de cadeia de regulamenta{\c c}{\~a}o}},
  shorttitle = {{Aspectos normativos da seguran{\c c}a da informa{\c c}{\~a}o}},
  language = {pt\_BR},
  timestamp = {2016-11-28T12:19:50Z},
  urldate = {2016-05-31},
  school = {Universidade de Bras{\'\i}lia},
  author = {Lorens, Evandro M{\'a}rio},
  month = jul,
  year = {2009}
}

@article{cherem_utilizacao_2015,
  title = {A Utiliza{\c c}{\~a}o Do Sistema de Prepara{\c c}{\~a}o de Textos {{LaTeX}} Na Produ{\c c}{\~a}o de Textos Acad{\^e}micos No {{Brasil}}: Uma Investiga{\c c}{\~a}o Preliminar E Perspectivas},
  volume = {20},
  issn = {1981-8920},
  shorttitle = {A Utiliza{\c c}{\~a}o Do Sistema de Prepara{\c c}{\~a}o de Textos {{LaTeX}} Na Produ{\c c}{\~a}o de Textos Acad{\^e}micos No {{Brasil}}},
  doi = {10.5433/1981-8920.2015v20n1p228},
  timestamp = {2016-11-28T12:18:35Z},
  number = {1},
  urldate = {2015-07-05},
  journal = {Informa{\c c}{\~a}o \& Informa{\c c}{\~a}o},
  author = {Cherem, Youssef Alvarenga},
  month = jun,
  year = {2015},
  pages = {228}
}

@phdthesis{oliveira_autoria_2010,
  address = {Bras{\'\i}lia, DF},
  type = {Tese (Doutorado em Ci{\^e}ncia da Informa{\c c}{\~a}o)},
  title = {{Autoria de documentos para a Web Sem{\^a}ntica : um ambiente de produ{\c c}{\~a}o de conhecimento baseado em ontologias}},
  shorttitle = {{Autoria de documentos para a Web Sem{\^a}ntica}},
  language = {por},
  timestamp = {2016-11-28T12:18:35Z},
  urldate = {2015-11-10},
  school = {Universidade de Bras{\'\i}lia, Faculdade de Ci{\^e}ncia da Informa{\c c}{\~a}o},
  author = {Oliveira, Edgard Costa},
  collaborator = {Lima-Marques, Mamede},
  month = may,
  year = {2010}
}

@misc{pereirajunior_business_2012,
  title = {Business {{Intelligence}} Para {{Sistemas}} de {{Aeronavega{\c c}{\~a}o}}},
  timestamp = {2016-11-28T12:18:35Z},
  author = {Pereira J{\'u}nior, Romualdo Alves},
  year = {2012}
}

@phdthesis{cavalcante_ciencia_2011,
  address = {Bras{\'\i}lia, DF},
  type = {Tese / Thesis},
  title = {{Ci{\^e}ncia das redes : aspectos epistemol{\'o}gicos}},
  shorttitle = {{Ci{\^e}ncia das redes}},
  language = {por},
  timestamp = {2016-11-28T12:18:35Z},
  urldate = {2016-05-31},
  school = {Universidade de Bras{\'\i}lia},
  author = {Cavalcante, Gustavo Vasconcellos},
  collaborator = {Lima-Marques, Mamede},
  month = apr,
  year = {2011}
}

@inproceedings{lima-marques_ciencia_2014,
  title = {Ci{\^e}ncia E Inova{\c c}{\~a}o {{Tecnol{\'o}gica}}: Caminhos Para a {{Modernidade}}},
  timestamp = {2016-11-28T12:18:35Z},
  booktitle = {Tecnologias {{Aplicadas}} Nas {{Atividades Fundamentais}} No {{Estado}}},
  author = {Lima-Marques, Mamede},
  year = {2014}
}

@misc{gorsky_comentarios_2013,
  title = {Coment{\'a}rios Sobre a L{\'o}gica E a Metaf{\'\i}sica Dos Enigmas: Surpresa, Espanto E Informa{\c c}{\~a}o},
  timestamp = {2016-11-28T12:18:35Z},
  author = {Gorsky, Samir B.},
  year = {2013}
}

@inproceedings{francisco_compression_2011,
  title = {Compression of Touchless Multiview Fingerprints},
  isbn = {978-1-4577-0765-0},
  doi = {10.1109/BIOMS.2011.6052380},
  timestamp = {2016-11-28T12:18:35Z},
  urldate = {2016-05-31},
  booktitle = {Workshop on {{Biometric Measurements}} and {{Systems}} for {{Security}} and {{Medical Applications}}},
  publisher = {{IEEE}},
  author = {Francisco, Nelson C. and Zaghetto, Alexandre and Macchiavello, Bruno and {da Silva}, Eduardo A. B. and Lima-Marques, Mamede and Rodrigues, Nuno M. M. and {de Faria}, Sergio M. M.},
  month = sep,
  year = {2011},
  pages = {1--5}
}

@unpublished{araujo_configuracao_2013,
  address = {Revista {\'I}bero-Americana de Ci{\^e}ncia da Informa{\c c}{\~a}o},
  title = {{Configura{\c c}{\~a}o da informa{\c c}{\~a}o?}},
  language = {pt},
  timestamp = {2016-11-28T12:18:35Z},
  author = {Ara{\'u}jo, Lauro C{\'e}sar and Lima-Marques, Mamede},
  year = {2013}
}

@phdthesis{Araujo2012,
  address = {Bras{\'I}lia, DF},
  type = {Mestrado},
  title = {Configura{\c c}{\~a}o: Uma Perspectiva de {{Arquitetura}} Da {{Informa{\c c}{\~a}o}} Da {{Escola}} de {{Bras{\'\i}lia}}},
  timestamp = {2016-11-28T12:18:35Z},
  school = {Universidade de Bras$\backslash$textbackslash{\'\i}lia, Faculdade de Ci{\^e}ncia da Informa{\c c}{\~a}o},
  author = {Araujo, Lauro C.},
  month = mar,
  year = {2012},
  keywords = {Arquitetura,Arquitetura da informação,configuração,da,funções de gerência de configuração,gerência de configuração,informação,teoria geral da arquitetura da informação}
}

@inproceedings{fernandes_consideracoes_2013,
  address = {Porto, Portugal},
  title = {Considera{\c c}{\~o}es Sobre a Abrang{\^e}ncia Disciplinar Da {{Ci{\^e}ncia}} Da {{Informa{\c c}{\~a}o}}},
  timestamp = {2016-11-28T12:18:35Z},
  booktitle = {Congresso {{ISKO}}/{{Porto}}},
  author = {Fernandes, Gilberto L. and Lima-Marques, Mamede},
  year = {2013}
}

@article{pereirajunior_construcao_2012,
  title = {{Constru{\c c}{\~a}o de Ontologias de Alto-N{\'\i}vel para uma Arquitetura Gen{\'e}tica da Informa{\c c}{\~a}o}},
  issn = {1808-0936},
  language = {pt},
  timestamp = {2016-11-28T12:18:35Z},
  journal = {Revista Ibero-Americana de Ci{\^e}ncia da Informa{\c c}{\~a}o},
  author = {Pereira J{\'u}nior, Romualdo Alves},
  year = {2012},
  pages = {1--26}
}

@article{cavalcante_contribuicoes_2011,
  title = {Contribui{\c c}{\~o}es Da Ci{\^e}ncia Da Informa{\c c}{\~a}o Para a Ci{\^e}ncia Das Redes},
  volume = {1},
  issn = {1983-5213},
  timestamp = {2016-11-28T12:18:35Z},
  number = {2},
  journal = {Revista Ibero-Americana de Ci{\^e}ncia da Informa{\c c}{\~a}o},
  author = {Cavalcante, Gustavo Vasconcellos and Lima-Marques, Mamede},
  month = apr,
  year = {2011}
}

@article{lacerda_da_2015,
  title = {{Da necessidade de princ{\'\i}pios de Arquitetura da Informa{\c c}{\~a}o para a Internet das Coisas}},
  volume = {20},
  copyright = {Direitos autorais 2015 Perspectivas em Ci{\^e}ncia da Informa{\c c}{\~a}o},
  issn = {19815344},
  language = {pt},
  timestamp = {2016-11-28T12:18:35Z},
  number = {2},
  urldate = {2016-05-31},
  journal = {Perspectivas em Ci{\^e}ncia da Informa{\c c}{\~a}o},
  author = {Lacerda, Flavia and Lima-Marques, Mamede},
  month = jun,
  year = {2015},
  keywords = {Arquitetura da Informação Pervasiva,Ecossistemas de informação,Internet das Coisas},
  pages = {158--171}
}

@phdthesis{passos_design_2014,
  address = {Portugal},
  type = {Doutorado em Desenho Industrial},
  title = {{Design da informa{\c c}{\~a}o}},
  language = {pt},
  timestamp = {2016-11-28T12:18:35Z},
  school = {Universidade de Aveiro},
  author = {Passos, Ravi and Lima-Marques, Mamede},
  year = {2014}
}

@phdthesis{albuquerque_discurso_2011,
  address = {Bras{\'\i}lia, DF},
  type = {Tese (Doutorado em Ci{\^e}cia da Informa{\c c}{\~a}o)},
  title = {{Discurso sobre fundamentos de arquitetura da informa{\c c}{\~a}o}},
  language = {por},
  timestamp = {2016-11-28T12:18:35Z},
  urldate = {2015-09-06},
  school = {Universidade de Bras{\'\i}lia, Faculdade de Ci{\^e}ncia da Informa{\c c}{\~a}o},
  author = {de Albuquerque, Alfram Roberto Rodrigues},
  collaborator = {Lima-Marques, Mamede},
  month = mar,
  year = {2011}
}

@unpublished{fernandes_em_2013,
  address = {Revista {\'I}bero-Americana de Ci{\^e}ncia da Informa{\c c}{\~a}o},
  title = {Em Busca de Um Modelo Fenomenol{\'o}gico Do Mecanismo de Apreens{\~a}o Humana},
  timestamp = {2016-11-28T12:18:35Z},
  author = {Fernandes, Gilberto L. and Lima-Marques, Mamede},
  year = {2013}
}

@article{azevedo_em_2012,
  title = {{Em dire{\c c}{\~a}o {\`a} uma Arquitetura da Informa{\c c}{\~a}o para Sistemas de Escolha Social}},
  volume = {5},
  issn = {1983-5213},
  language = {Portugu{\^e}s},
  timestamp = {2016-11-28T12:18:35Z},
  journal = {Revista Ibero-Americana de Ci{\^e}ncia da Informa{\c c}{\~a}o},
  author = {Azevedo, R. F. B. C. and Lima-Marques, Mamede},
  year = {2012},
  pages = {1--26}
}

@phdthesis{junior_fatores_2014,
  address = {Bras{\'\i}lia},
  type = {Monografia de Aperfei{\c c}oamento/Especializa{\c c}{\~a}o em Engenharia de Software - P{\'o}s Gradua{\c c}{\~a}o},
  title = {Fatores Cr{\'\i}ticos Para a Forma{\c c}{\~a}o de Times Auto-Organizados},
  timestamp = {2016-11-28T12:18:35Z},
  school = {Funda{\c c}{\~a}o Universa},
  author = {Junior, Osvaldo Bastista de Castro},
  collaborator = {de Siqueira, Andr{\'e} Henrique},
  year = {2014}
}

@misc{pereirajunior_filosofia_2014,
  title = {Filosofia, {{Ci{\^e}ncia}} E {{Pr{\'a}xis}} Da {{Internet}} Das {{Coisas}}},
  timestamp = {2016-11-28T12:18:35Z},
  author = {Pereira J{\'u}nior, Romualdo Alves},
  year = {2014}
}

@incollection{lima-marques_formal_2016,
  address = {Paris},
  edition = {1},
  title = {Formal {{Aspects}} of {{Architecture}} of {{Information}}},
  language = {en},
  timestamp = {2016-11-28T12:18:35Z},
  booktitle = {Logical {{Reasoning}} and {{Computation}}: {{Essays Dedicated}} to {{Luis Fari{\~n}as Del Cerro}}},
  author = {Lima-Marques, Mamede and Carnielli, Walter Alexandre},
  editor = {Cabalar, Pedro and Di{\'e}guez, Mart{\'\i}n and Herzig, Andreas and Pearce, David},
  month = mar,
  year = {2016},
  pages = {33--42}
}

@article{souza2016,
  title = {{Fotografia: constru{\c c}{\~a}o de significado e arquitetura da informa{\c c}{\~a}o}},
  volume = {0},
  copyright = {Autores que publicam nesta revista:    Declaram-se autorizados pelos direitos de divulga{\c c}{\~a}o do material publicado, incluindo textos e imagens.  Declaram-se detentores dos direitos autorais do material por eles assinado.  Concedem {\`a} Revista Photo \&amp; Documento o direito de publica{\c c}{\~a}o e ampla difus{\~a}o, sob uma licen{\c c}a  Creative Commons BY-NC-ND 4.0 Internacional ,~que permite o compartilhamento do trabalho, sem finalidades comerciais e sem altera{\c c}{\~o}es.  T{\^e}m autoriza{\c c}{\~a}o para assumir contratos adicionais separadamente, inclusive comerciais, para distribui{\c c}{\~a}o n{\~a}o-exclusiva da vers{\~a}o do trabalho publicada nesta revista, desde que haja o reconhecimento da publica{\c c}{\~a}o anterior nesta revista, que continua a ter amplos direitos de uso e divulga{\c c}{\~a}o do material, nos termos da mencionada licen{\c c}a CC-BY-NC-ND 4.0, sem quaisquer {\^o}nus.  Comprometem-se a mencionar a publica{\c c}{\~a}o nesta revista, como fonte de refer{\^e}ncia original, em qualquer divulga{\c c}{\~a}o futura do trabalho.  Comprometem-se a mencionar a publica{\c c}{\~a}o nesta revista, como fonte de refer{\^e}ncia original, em eventuais adapta{\c c}{\~o}es e aprimoramentos futuros do trabalho.  T{\^e}m permiss{\~a}o e s{\~a}o estimulados a publicar e distribuir livremente c{\'o}pias de seu trabalho, indicando sempre a publica{\c c}{\~a}o nesta revista como fonte de refer{\^e}ncia original.     Mant{\^e}m, em qualquer hip{\'o}tese, seus direitos autorais inalien{\'a}veis.},
  issn = {2248-1947},
  shorttitle = {{Fotografia}},
  language = {pt},
  timestamp = {2016-11-28T12:18:35Z},
  number = {1},
  urldate = {2016-04-24},
  journal = {Revista Photo \& Documento},
  author = {Souza, Bruno Carvalho Castro and Lima-Marques, Mamede},
  month = apr,
  year = {2016},
  pages = {1--13}
}

@phdthesis{albuquerque_framework_2014,
  address = {Bras{\'\i}lia},
  type = {Doutorado em Ci{\^e}ncias da Informa{\c c}{\~a}o},
  title = {Framework Para Arquitetura Da Informa{\c c}{\~a}o Em Organiza{\c c}{\~o}es Que Empregam Comunidades Virtuais de Profissionais Para a Engenharia Distribu{\'\i}da E Colaborativa de Produtos de Software},
  timestamp = {2016-11-28T12:18:35Z},
  school = {Universidade de Bras{\'\i}lia},
  author = {de Albuquerque, Fernando Antonio Ara{\'u}jo Chacon},
  collaborator = {Lima-Marques, Mamede},
  year = {2014}
}

@inproceedings{pereirajunior_improving_2012,
  address = {Stockholm},
  title = {Improving {{Satellite Data Archiving Facility}} for {{Environmental R}}\&{{D Purposes Based}} on {{Architecture}} of {{Information Approach}}},
  timestamp = {2016-11-28T12:18:35Z},
  booktitle = {The 12th {{International Conference}} on {{Space Operations}} - {{SpaceOps}} 2012 - {{Proceedings}} of {{SpaceOps}} 2012},
  author = {Pereira J{\'u}nior, Romualdo Alves and dos Santos, Marcos Aurelio Ferreira and Lima-Marques, Mamede},
  year = {2012}
}

@incollection{macedo_information_2014,
  address = {Switzerland},
  series = {Human-Computer Interaction},
  title = {Information {{Architecture}} as a {{Discipline}}},
  isbn = {978-3-319-06492-5},
  language = {English},
  timestamp = {2016-11-28T12:18:35Z},
  booktitle = {Reframing {{Information Architecture}}},
  publisher = {{Springer International Publishing}},
  author = {de Macedo, Fl{\'a}via Lacerta Oliveira and Lima-Marques, Mamede},
  editor = {Resmini, Andrea},
  year = {2014},
  keywords = {Arquitetura da informação}
}

@article{roig_information_2012,
  title = {Information {{Architecture}} for {{Integration Spatial}} and {{Alphanumeric Data}} to {{Support Decision Making}}},
  volume = {64},
  timestamp = {2016-11-28T12:18:35Z},
  number = {1},
  urldate = {2016-05-31},
  journal = {ResearchGate},
  author = {Roig, Henrique and Choas, Mona Lisa Lobo de Souza and Rosa, Antonio Nuno de Castro Santa and Lima-Marques, Mamede},
  month = jan,
  year = {2012},
  pages = {103--111}
}

@misc{araujo_latex_2012,
  type = {Curso de curta dura{\c c}{\~a}o ministrado},
  title = {{{LaTeX Avan{\c c}ado}} - {{Template ABNT}} Para {{Teses}} E {{Disserta{\c c}{\~o}es}}},
  timestamp = {2016-11-28T12:18:35Z},
  author = {de Ara{\'u}jo, Lauro C{\'e}sar},
  year = {2012}
}

@misc{araujo_lexml_2014,
  title = {{{LexML}}: Aplica{\c c}{\~o}es de Estudos E Pesquisa No {{Poder Legislativo}}},
  timestamp = {2016-11-28T12:18:35Z},
  author = {Ara{\'u}jo, Lauro C{\'e}sar and Nicola, J. R. M.},
  year = {2014}
}

@misc{pereirajunior_member_2012,
  title = {Member of the {{International Advisory Board}} of {{INTED}} 2012},
  timestamp = {2016-11-28T12:18:35Z},
  author = {Pereira J{\'u}nior, Romualdo Alves},
  year = {2012}
}

@patent{zaguetto_midas_2015,
  address = {Bras{\'\i}lia},
  title = {{Midas}},
  nationality = {Brasil},
  language = {pt},
  assignee = {Funda{\c c}{\~a}o Universidade de Bras{\'\i}lia},
  timestamp = {2016-11-28T12:18:35Z},
  number = {12732-1},
  author = {Zaguetto, Alexandre and Espinoza, Bruno Luiggi Macchiavello and Lima-Marques, Mamede},
  month = apr,
  year = {2015},
  pages = {164}
}

@phdthesis{albuquerque_modelo_2014,
  address = {Bras{\'\i}lia},
  type = {Disserta{\c c}{\~a}o (Mestrado em Ci{\^e}ncia da Informa{\c c}{\~a}o)},
  title = {Modelo de Framework de {{Arquitetura}} Da {{Informa{\c c}{\~a}o}} Baseado Em Roteiros},
  timestamp = {2016-11-29T20:13:54Z},
  school = {Universidade de Bras{\'\i}lia},
  author = {de Albuquerque, Fernando Antonio Ara{\'u}jo Chacon},
  collaborator = {Lima-Marques, Mamede},
  year = {2014}
}

@phdthesis{ferreira_modelo_2014,
  address = {Bras{\'I}lia, DF},
  type = {Disserta{\c c}{\~a}o (Mestrado em Ci{\^e}ncia da Informa{\c c}{\~a}o)},
  title = {{Modelo para condu{\c c}{\~a}o de mapeamento de processo organizacional : uma abordagem BPM com base no MAIA}},
  shorttitle = {{Modelo para condu{\c c}{\~a}o de mapeamento de processo organizacional}},
  language = {por},
  timestamp = {2016-11-28T12:18:35Z},
  urldate = {2015-11-10},
  school = {Universidade de Bras{\'\i}lia, Faculdade de Ci{\^e}ncia da Informa{\c c}{\~a}o},
  author = {Ferreira, Elisabeth de Ara{\'u}jo},
  collaborator = {Lima-Marques, Mamede},
  month = feb,
  year = {2014}
}

@misc{gorsky_molog_2012,
  type = {Curso de curta dura{\c c}{\~a}o ministrado},
  title = {{{MOLOG Programa{\c c}{\~a}o}} Em {{L{\'o}gicas Modais}}},
  timestamp = {2016-11-28T12:18:35Z},
  author = {Gorsky, Samir Bezerra},
  year = {2012}
}

@phdthesis{braga_o_2014,
  address = {Bras{\'\i}lia},
  type = {Monografia de Aperfei{\c c}oamento/Especializa{\c c}{\~a}o em Engenharia de Software - P{\'o}s Gradua{\c c}{\~a}o},
  title = {O Conhecimento Acumulado Durante O Processo {\'A}gil de Desenvolvimento de Software Baseado Em Historia de Usu{\'a}rio},
  timestamp = {2016-11-28T12:18:35Z},
  school = {Funda{\c c}{\~a}o Universa},
  author = {Braga, Zama Bandeira},
  collaborator = {de Siqueira, Andr{\'e} Henrique},
  year = {2014}
}

@misc{gorsky_surprise_2012,
  title = {On {{Surprise}}, {{Bewilderment}} and {{Information}}},
  timestamp = {2016-11-28T12:18:35Z},
  author = {Gorsky, Samir B.},
  year = {2012}
}

@misc{manini_ontologias_2007,
  address = {Salvador, BA},
  type = {Trabalho / Paper},
  title = {{Ontologias : indexa{\c c}{\~a}o e recupera{\c c}{\~a}o de fotografias baseadas na t{\'e}cnica fotogr{\'a}fica e no conte{\'u}do da imagem}},
  shorttitle = {{Ontologias}},
  language = {por},
  timestamp = {2016-11-28T12:15:46Z},
  urldate = {2015-09-06},
  author = {Manini, Miriam Paula and Lima-Marques, Mamede and Miranda, Alex Sandro Santos},
  month = oct,
  year = {2007}
}

@misc{araujo_ontoprolog_2014,
  title = {Ontoprolog: Uma {{Ferramenta Multimodal}} Para {{Descri{\c c}{\~a}o}} de {{Ontologias}}},
  timestamp = {2016-11-28T12:18:35Z},
  author = {de Ara{\'u}jo, Lauro C{\'e}sar},
  year = {2014}
}

@misc{gorsky_o_2012,
  title = {O Problema Da Omiss{\~a}o Ou Aus{\^e}ncia de Dados No Processo de Pesquisa Cient{\'\i}fica},
  timestamp = {2016-11-28T12:18:35Z},
  author = {Gorsky, Samir B.},
  year = {2012}
}

@incollection{lima-marques_outline_2011,
  address = {London},
  title = {Outline of a Theoretical Framework of {{Architecture}} of {{Information}}: A {{School}} of {{Brasilia}} Proposal},
  isbn = {1-84890-055-4},
  language = {en},
  timestamp = {2016-11-28T12:18:35Z},
  booktitle = {Logic without {{Frontiers}}. {{Festschrift}} for {{Walter Alexandre Carnielli}} on the {{Occasion}} of {{His}} 60th {{Birthday}}},
  publisher = {{College Publications}},
  author = {Lima-Marques, Mamede},
  editor = {Beziau, Jean-Yves and Coniglio, Marcelo Esteban},
  year = {2011}
}

@misc{gorsky_paraconsistent_2014,
  title = {Paraconsistent {{Algebra}} of {{Sets}}, {{Information}} and the {{Bar}}-{{Hillel}}-{{Carnap Paradox}}},
  timestamp = {2016-11-28T12:18:35Z},
  author = {Gorsky, Samir B. and Carnielli, Walter A.},
  year = {2014}
}

@phdthesis{machado_planejamento_2014,
  address = {Bras{\'\i}lia},
  type = {Monografia de Aperfei{\c c}oamento/Especializa{\c c}{\~a}o em Engenharia de Software - P{\'o}s Gradua{\c c}{\~a}o},
  title = {Planejamento Da {{TI}} Governamental: Uma Proposta de {{PDTI}} Para O {{Instituto}} Do {{Patrim{\^o}nio Hist{\'o}rico}} E {{Art{\'\i}stico Nacional}}},
  timestamp = {2016-11-28T12:18:35Z},
  school = {Funda{\c c}{\~a}o Universa},
  author = {Machado, Carlos Augusto Pessoa},
  collaborator = {de Siqueira, Andr{\'e} Henrique},
  year = {2014}
}

@misc{pereirajunior_projeto_2012,
  title = {Projeto {{AEB Escola Virtual}}},
  timestamp = {2016-11-28T12:18:35Z},
  author = {Pereira J{\'u}nior, Romualdo A.},
  year = {2012}
}

@phdthesis{fernandes_proposta_2014,
  address = {Bras{\'\i}lia, DF},
  type = {Disserta{\c c}{\~a}o (Mestrado em Ci{\^e}ncia da Informa{\c c}{\~a}o)},
  title = {{Proposta de fundamenta{\c c}{\~a}o te{\'o}rica para o Problema do Entendimento Humano}},
  language = {pt},
  timestamp = {2016-11-28T12:18:35Z},
  urldate = {2015-11-10},
  school = {Universidade de Bras{\'\i}lia, Faculdade de Ci{\^e}ncia da Informa{\c c}{\~a}o},
  author = {Fernandes, Gilberto L.},
  collaborator = {Lima-Marques, Mamede},
  year = {2014}
}

@techreport{lima-marques_proposta_2013,
  address = {Bras{\'\i}lia, DF},
  type = {Technical Report},
  title = {{Proposta de Modelo Gest{\~a}o de Documentos da UnB}},
  language = {pt},
  timestamp = {2016-11-28T12:18:35Z},
  urldate = {2015-09-06},
  institution = {Centro de Pesquisa em Arquitetura da Informa{\c c}{\~a}o, Universidade de Bras{\'\i}lia},
  author = {Lima-Marques, Mamede},
  month = dec,
  year = {2013}
}

@phdthesis{nascimento_protecao_2010,
  address = {Bras{\'\i}lia, DF},
  type = {Disserta{\c c}{\~a}o / Dissertation},
  title = {{Prote{\c c}{\~a}o ao conhecimento : uma proposta de fundamenta{\c c}{\~a}o te{\'o}rica}},
  shorttitle = {{Prote{\c c}{\~a}o ao conhecimento}},
  language = {por},
  timestamp = {2016-11-28T12:18:35Z},
  urldate = {2016-05-31},
  school = {Universidade de Bras{\'\i}lia},
  author = {do Nascimento, Marta Sianes Oliveira},
  month = jul,
  year = {2010}
}

@misc{fernandes_requisitos_2014,
  title = {Requisitos de {{Software}}: Uma Abordagem Epid{\^e}mica},
  timestamp = {2016-11-28T12:18:35Z},
  author = {Fernandes, Gilberto L.},
  year = {2014}
}

@phdthesis{nort_rotulos_2014,
  address = {Bras{\'\i}lia},
  type = {Monografia de Aperfei{\c c}oamento/Especializa{\c c}{\~a}o em Bacharelado em Filosofia},
  title = {R{\'o}tulos de {{Argumentos}}: Defini{\c c}{\~a}o E An{\'a}lise a Partir Do Argumento Das Fal{\'a}cias Informais},
  timestamp = {2016-11-28T12:18:35Z},
  school = {Universidade de Bras{\'\i}lia},
  author = {Nort, Albertina Eleane},
  collaborator = {Gorsky, Samir Bezerra},
  year = {2014}
}

@phdthesis{marciano_segurancda_2009,
  address = {Bras{\'\i}lia, DF},
  type = {Tese / Thesis},
  title = {{Seguran{\c c}a da informa{\c c}{\~a}o : uma abordagem social}},
  shorttitle = {{Seguran{\c c}a da informa{\c c}{\~a}o}},
  language = {por},
  timestamp = {2016-11-28T12:18:35Z},
  urldate = {2016-05-31},
  school = {Universidade de Bras{\'\i}lia},
  author = {Marciano, Jo{\~a}o Luiz Pereira},
  month = oct,
  year = {2009}
}

@inproceedings{fernandes_sobre_2013,
  address = {Porto, Portugal},
  title = {{Sobre a natureza da Informa{\c c}{\~a}o, dado e conhecimento}},
  copyright = {Os autores que submetem a esta confer{\^e}ncia concordam com os seguintes termos:  a) Os autores ret{\^e}m direitos autorais sobre seu trabalho, ao permitir {\`a} confer{\^e}ncia colocar este trabalho in{\'e}dito sob uma~ Licen{\c c}a de Atribui{\c c}{\~a}o Creative Commons, que permite outros livremente aceder, usar, e compartilhar o trabalho, com um reconhecimento da autoria do trabalho e sua apresenta{\c c}{\~a}o inicial nesta confer{\^e}ncia.  b) Os autores podem p{\^o}r de parte os termos da licen{\c c}a de CC e~fazer em separado, arranjos contratuais adicionais para a distribui{\c c}{\~a}o n{\~a}o exclusiva e publica{\c c}{\~a}o subseq{\"u}ente deste trabalho (por exemplo, publicar uma vers{\~a}o revisada num di{\'a}rio, coloc{\'a}-lo~em um reposit{\'o}rio institucional ou public{\'a}-lo num livro), com um reconhecimento de sua apresenta{\c c}{\~a}o inicial nesta confer{\^e}ncia.  c) Al{\'e}m do mais, autores s{\~a}o encorajados colocar e compartilhar seu trabalho on-line (por exemplo, em reposit{\'o}rios institucionais ou em seu website) em qualquer ponto antes de e depois da confer{\^e}ncia.},
  language = {pt},
  timestamp = {2016-11-28T12:18:35Z},
  urldate = {2016-05-31},
  booktitle = {{VI Encontro Ib{\'e}rico EDICIC 2013}},
  author = {Fernandes, Gilberto Louren{\c c}o and Lima-Marques, Mamede},
  month = mar,
  year = {2013}
}

@article{brelaz_sobre_2012,
  title = {{Sobre a Possibilidade de uma Arquitetura de Informa{\c c}{\~a}o Qu{\^a}ntica}},
  volume = {5},
  issn = {1983-5213},
  language = {Portugu{\^e}s},
  timestamp = {2016-11-28T12:18:35Z},
  number = {2},
  journal = {Revista Ibero-Americana de Ci{\^e}ncia da Informa{\c c}{\~a}o},
  author = {Brelaz, Achilles and Lima-Marques, Mamede},
  year = {2012}
}

@article{albuquerque_sobre_2011,
  title = {Sobre Os Fundamentos Da Arquitetura Da Informa{\c c}{\~a}o},
  issn = {2236-417X},
  timestamp = {2016-11-28T12:18:35Z},
  number = {1},
  urldate = {2016-05-31},
  journal = {Perspectivas em Gest{\~a}o \& Conhecimento},
  author = {de Albuquerque, Alfram Roberto Rodrigues and Lima-Marques, Mamede},
  year = {2011},
  keywords = {análise formal de conceitos,Arquitetura da informação,Epistemologia,Teoria das Categorias},
  pages = {60--72}
}

@phdthesis{neves_junior_sobre_2013,
  address = {Bras{\'\i}lia, DF},
  type = {Doutorado},
  title = {{Sobre uma arquitetura da informa{\c c}{\~a}o do governo brasileiro : AIGov-BR}},
  shorttitle = {{Sobre uma arquitetura da informa{\c c}{\~a}o do governo brasileiro}},
  language = {por},
  timestamp = {2016-11-28T12:18:35Z},
  urldate = {2015-10-19},
  school = {Universidade de Bras{\'\i}lia},
  author = {Neves J{\'u}nior, Odilon},
  month = nov,
  year = {2013}
}

@incollection{carnielli_walter_alexandre_society_2016,
  address = {Paris},
  edition = {1},
  title = {Society {{Semantics}} and the {{Logic Way}} to {{Collective Intelligence}}},
  language = {en},
  timestamp = {2016-11-28T12:18:35Z},
  booktitle = {Logical {{Reasoning}} and {{Computation}}: {{Essays Dedicated}} to {{Luis Fari{\~n}as Del Cerro}}},
  author = {Carnielli, Walter Alexandre, Mamede and Lima-Marques, Mamede},
  editor = {Cabalar, Pedro and Di{\'e}guez, Mart{\'\i}n and Herzig, Andreas and Pearce, David},
  month = mar,
  year = {2016},
  pages = {139--147}
}

@inproceedings{pereirajunior_genesis_2012,
  address = {La Jolla, CA},
  title = {The {{Genesis}} of {{Information}} in the {{Phenomenological Epoche}}},
  timestamp = {2016-11-28T12:18:35Z},
  booktitle = {14th {{Annual International Conference}} of the {{Society}} for {{Phenomenology}} and {{Media}}, 2012 - {{Proceedings}} of {{SocPhenMedia}} 2012},
  author = {Pereira J{\'u}nior, Romualdo and Lima-Marques, Mamede},
  year = {2012}
}

@article{jr_virtual_2011,
  title = {The Virtual School Project for the {{Brazilian Space Program}}},
  issn = {2340-1117},
  timestamp = {2016-11-28T12:18:35Z},
  urldate = {2016-05-31},
  journal = {EDULEARN11 Proceedings},
  author = {Jr, R. Alves Pereira and Ten{\'o}rio, M. F. da Mota and Lima-Marques, M. and Nascimento, E.},
  year = {2011},
  pages = {1--10}
}

@phdthesis{duarte_uma_2011,
  address = {Bras{\'\i}lia, DF},
  type = {Tese (Doutorado em Ci{\^e}ncia da Informa{\c c}{\~a}o)},
  title = {{Uma Arquitetura {\'A}gil da Informa{\c c}{\~a}o Organizacional}},
  language = {pt},
  timestamp = {2016-11-28T12:28:14Z},
  urldate = {2015-11-10},
  school = {Universidade de Bras{\'\i}lia, Faculdade de Ci{\^e}ncia da Informa{\c c}{\~a}o},
  author = {Duarte, Jorge C.},
  collaborator = {Lima-Marques, Mamede},
  month = may,
  year = {2011},
  keywords = {Arquitetura da informação}
}

@inproceedings{passos_uma_2015,
  title = {Uma Discuss{\~a}o Sobre O Objeto Do Design Da Informa{\c c}{\~a}o},
  isbn = {978-85-8039-122-0},
  doi = {10.5151/designpro-CIDI2015-cidi_152},
  timestamp = {2016-11-28T12:18:35Z},
  urldate = {2016-05-31},
  publisher = {{Editora Edgard Bl{\"u}cher}},
  author = {Passos, Ravi and Mealha, {\'O}scar and Lima-Marques, Mamede},
  month = sep,
  year = {2015},
  pages = {1007--1018}
}

@phdthesis{araujo_uma_2016,
  address = {Bras{\'\i}lia, DF},
  type = {Tese / Thesis},
  title = {{Uma linguagem para formaliza{\c c}{\~a}o de discursos com base em ontologias}},
  copyright = {A concess{\~a}o da licen{\c c}a deste item refere-se ao termo de autoriza{\c c}{\~a}o impresso assinado pelo autor com as seguintes condi{\c c}{\~o}es: Na qualidade de titular dos direitos de autor da publica{\c c}{\~a}o, autorizo a Universidade de Bras{\'\i}lia e o IBICT a disponibilizar por meio dos sites www.bce.unb.br, www.ibict.br, http://hercules.vtls.com/cgi-bin/ndltd/chameleon?lng=pt\&skin=ndltd sem ressarcimento dos direitos autorais, de acordo com a Lei n\textordmasculine{} 9610/98, o texto integral da obra disponibilizada, conforme permiss{\~o}es assinaladas, para fins de leitura, impress{\~a}o e/ou download, a t{\'\i}tulo de divulga{\c c}{\~a}o da produ{\c c}{\~a}o cient{\'\i}fica brasileira, a partir desta data.},
  shorttitle = {{Uma linguagem para formaliza{\c c}{\~a}o de discursos com base em ontologias}},
  language = {por},
  timestamp = {2016-11-28T12:18:35Z},
  urldate = {2016-05-31},
  school = {Universidade de Bras{\'\i}lia},
  author = {Araujo, Lauro C{\'e}sar},
  month = jan,
  year = {2016}
}

@phdthesis{oliveira_uma_2012,
  address = {Bras{\'\i}lia, DF},
  type = {Tese (Doutorado em Ci{\^e}ncia da Informa{\c c}{\~a}o)},
  title = {{Uma proposta de arquitetura da informa{\c c}{\~a}o para o processo de inova{\c c}{\~a}o em centros de pesquisa}},
  language = {por},
  timestamp = {2016-11-28T12:18:35Z},
  urldate = {2015-11-10},
  school = {Universidade de Bras{\'\i}lia, Faculdade de Ci{\^e}ncia da Informa{\c c}{\~a}o},
  author = {de Oliveira, Carlson Batista and Lima-Marques, Mamede},
  month = jul,
  year = {2012}
}

@phdthesis{PereiraJunior2012,
  type = {Doutorado},
  title = {Uma Proposta de Arquitetura Gen{\'e}tica Da Informa{\c c}{\~a}o},
  timestamp = {2016-11-28T12:18:35Z},
  school = {Universidade de Bras$\backslash${\'\i}lia (UnB)},
  author = {Pereira J{\'u}nior, Romualdo A.},
  month = dec,
  year = {2012},
  keywords = {Arquitetura da informação}
}

@phdthesis{santos_um_2010,
  address = {Bras{\'\i}lia, DF},
  type = {Disserta{\c c}{\~a}o / Dissertation},
  title = {{Um arcabou{\c c}o te{\'o}rico para autoria de documentos visando atenuar o surgimento do fen{\^o}nemo da ambiguidade}},
  language = {por},
  timestamp = {2016-11-28T12:18:35Z},
  urldate = {2016-05-31},
  school = {Universidade de Bras{\'\i}lia},
  author = {dos Santos, Daniel Parente Lemos},
  month = sep,
  year = {2010}
}

@phdthesis{costa_um_2010,
  address = {Bras{\'\i}lia},
  type = {Disserta{\c c}{\~a}o (Mestrado em Ci{\^e}ncias da Informa{\c c}{\~a}o e Documenta{\c c}{\~a}o)},
  title = {{Um M{\'e}todo para Arquitetura da Informa{\c c}{\~a}o: fenomenologia como base para o desenvolvimento de arquiteturas da informa{\c c}{\~a}o aplicadas}},
  language = {pt},
  timestamp = {2016-11-28T12:18:35Z},
  urldate = {2015-11-10},
  school = {Universidade de Bras{\'\i}lia, Faculdade de Ci{\^e}ncia da Informa{\c c}{\~a}o},
  author = {Costa, Ismael},
  collaborator = {Lima-Marques, Mamede},
  month = mar,
  year = {2010},
  keywords = {Arquitetura da informação}
}

@phdthesis{filho_um_2014,
  address = {Bras{\'\i}lia},
  type = {Disserta{\c c}{\~a}o (Mestrado em Ci{\^e}ncia da Informa{\c c}{\~a}o)},
  title = {{Um Modelo de Arquitetura da Informa{\c c}{\~a}o Orientado a Servi{\c c}os}},
  language = {pt},
  timestamp = {2016-11-28T12:18:35Z},
  urldate = {2015-11-10},
  school = {Universidade de Bras{\'\i}lia},
  author = {Filho, Paulo Argolo da Cruz Rios},
  collaborator = {Lima-Marques, Mamede},
  year = {2014}
}

@phdthesis{melo_um_2011,
  address = {Bras{\'\i}lia, DF},
  type = {Disserta{\c c}{\~a}o (Mestrado em Ci{\^e}ncia da Informa{\c c}{\~a}o)},
  title = {{Um modelo de Arquitetura da Informa{\c c}{\~a}o para processos de investiga{\c c}{\~a}o cient{\'\i}fica}},
  language = {por},
  timestamp = {2016-11-28T12:18:35Z},
  urldate = {2015-11-10},
  school = {Universidade de Bras{\'\i}lia, Faculdade de Ci{\^e}ncia da Informa{\c c}{\~a}o},
  author = {de Melo, Alberto Magno Carvalho},
  collaborator = {Lima-Marques, Mamede},
  month = apr,
  year = {2011}
}

@phdthesis{azevedo_um_2014,
  address = {Bras{\'\i}lia, DF},
  type = {Mestrado em Ci{\^e}ncia da Informa{\c c}{\~a}o},
  title = {{Um modelo ontol{\'o}gico do sistema eleitoral brasileiro}},
  language = {por},
  timestamp = {2016-11-28T12:18:35Z},
  urldate = {2015-11-10},
  school = {Universidade de Bras{\'\i}lia, Faculdade de Ci{\^e}ncia da Informa{\c c}{\~a}o},
  author = {Azevedo, Rafael Fernandes de Barros Costa},
  collaborator = {Lima-Marques, Mamede},
  month = dec,
  year = {2014}
}

@article{carnielli_razao_1991,
  title = {Raz{\~a}o E Irracionalidade Na Representa{\c c}{\~a}o Do Conhecimento},
  volume = {14},
  issn = {0101-3173},
  doi = {10.1590/S0101-31731991000100010},
  timestamp = {2016-11-28T12:13:30Z},
  urldate = {2016-11-28},
  journal = {Trans/Form/A{\c c}{\~a}o},
  author = {Carnielli, Walter A. and Marques, Mamede Lima},
  month = dec,
  year = {1991},
  pages = {165--177}
}

@article{marciano_o_2007,
  title = {O Enfoque Social Da Seguran{\c c}a Da Informa{\c c}{\~a}o},
  volume = {2},
  copyright = {Direitos autorais},
  issn = {1981-0695},
  timestamp = {2016-11-28T12:16:38Z},
  number = {1},
  urldate = {2016-11-28},
  journal = {Pesquisa Brasileira em Ci{\^e}ncia da Informa{\c c}{\~a}o e Biblioteconomia},
  author = {Marciano, Jo{\~a}o Luiz Pereira and Lima-Marques, Mamede},
  month = jul,
  year = {2007},
  keywords = {Interação social,Políticas de segurança da informação,Segurança da informação}
}

@book{cabalar_logical_2016,
  address = {Paris},
  title = {Logical {{Reasoning}} and {{Computation}}: {{Essays}} Dedicated to {{Luis Fari{\~n}as}} Del {{Cerro}}},
  language = {en},
  timestamp = {2016-11-29T19:17:45Z},
  author = {Cabalar, Pedro and Di{\'e}guez, Mart{\'\i}n and Herzig, Andreas and Pearce, David},
  month = mar,
  year = {2016}
}

@techreport{souza2015,
  address = {Bras{\'\i}lia, DF},
  type = {Relat{\'o}rio T{\'e}cnico},
  title = {{5\textordmasculine{} CAI - Col{\'o}quio de Arquitetura da Informa{\c c}{\~a}o}},
  language = {pt},
  timestamp = {2016-11-29T19:19:24Z},
  institution = {Centro de Pesquisa em Arquitetura da Informa{\c c}{\~a}o, Universidade de Bras{\'\i}lia},
  author = {Souza, Bruno Carvalho Castro and Lima-Marques, Mamede},
  year = {2015},
  pages = {45}
}

@techreport{souza2015a,
  address = {Bras{\'I}lia, DF},
  type = {Relat{\'o}rio T{\'e}cnico},
  title = {{Relat{\'o}rio-S{\'\i}ntese CPAI 2012-2014}},
  language = {pt},
  timestamp = {2016-11-29T19:19:25Z},
  institution = {Centro de Pesquisa em Arquitetura da Informa{\c c}{\~a}o, Universidade de Bras{\'\i}lia},
  author = {Souza, Bruno Carvalho Castro and Lima-Marques, Mamede},
  year = {2015},
  pages = {40}
}

@article{souza_big_2016,
  title = {{Big data fotogr{\'a}fico e o potencial de recupera{\c c}{\~a}o da informa{\c c}{\~a}o}},
  volume = {0},
  copyright = {Autores que publicam nesta revista:    Declaram-se autorizados pelos direitos de divulga{\c c}{\~a}o do material publicado, incluindo textos e imagens.  Declaram-se detentores dos direitos autorais do material por eles assinado.  Concedem {\`a} Revista Photo \&amp; Documento o direito de publica{\c c}{\~a}o e ampla difus{\~a}o, sob uma licen{\c c}a  Creative Commons BY-NC-ND 4.0 Internacional ,~que permite o compartilhamento do trabalho, sem finalidades comerciais e sem altera{\c c}{\~o}es.  T{\^e}m autoriza{\c c}{\~a}o para assumir contratos adicionais separadamente, inclusive comerciais, para distribui{\c c}{\~a}o n{\~a}o-exclusiva da vers{\~a}o do trabalho publicada nesta revista, desde que haja o reconhecimento da publica{\c c}{\~a}o anterior nesta revista, que continua a ter amplos direitos de uso e divulga{\c c}{\~a}o do material, nos termos da mencionada licen{\c c}a CC-BY-NC-ND 4.0, sem quaisquer {\^o}nus.  Comprometem-se a mencionar a publica{\c c}{\~a}o nesta revista, como fonte de refer{\^e}ncia original, em qualquer divulga{\c c}{\~a}o futura do trabalho.  Comprometem-se a mencionar a publica{\c c}{\~a}o nesta revista, como fonte de refer{\^e}ncia original, em eventuais adapta{\c c}{\~o}es e aprimoramentos futuros do trabalho.  T{\^e}m permiss{\~a}o e s{\~a}o estimulados a publicar e distribuir livremente c{\'o}pias de seu trabalho, indicando sempre a publica{\c c}{\~a}o nesta revista como fonte de refer{\^e}ncia original.     Mant{\^e}m, em qualquer hip{\'o}tese, seus direitos autorais inalien{\'a}veis.},
  issn = {2248-1947},
  language = {pt},
  timestamp = {2016-11-29T19:19:20Z},
  number = {2},
  urldate = {2016-11-23},
  journal = {Revista Photo \& Documento},
  author = {Souza, Bruno Carvalho Castro},
  month = nov,
  year = {2016},
  pages = {5}
}

@inproceedings{souza_projetos_2016,
  title = {{Projetos CPAI: vis{\~a}o geral 2016/2017}},
  copyright = {Autores que submetem a esta confer{\^e}ncia concordam com os seguintes termos:   a)  Autores mant{\'e}m os direitos autorais sobre o trabalho, permitindo {\`a} confer{\^e}ncia coloc{\'a}-lo sob uma licen{\c c}a  Licen{\c c}a Creative Commons Attribution , que permite livremente a outros acessar, usar e compartilhar o trabalho com o cr{\'e}dito de autoria e apresenta{\c c}{\~a}o inicial nesta confer{\^e}ncia.   b)  Autores podem abrir m{\~a}o dos termos da licen{\c c}a CC e definir contratos adicionais para a distribui{\c c}{\~a}o n{\~a}o-exclusiva e subseq{\"u}ente publica{\c c}{\~a}o deste trabalho (ex.: publicar uma vers{\~a}o atualizada em um peri{\'o}dico, disponibilizar em reposit{\'o}rio institucional, ou public{\'a}-lo em livro), com o cr{\'e}dito de autoria e apresenta{\c c}{\~a}o inicial nesta confer{\^e}ncia.   c)  Al{\'e}m disso, autores s{\~a}o incentivados a publicar e compartilhar seus trabalhos online (ex.:  em reposit{\'o}rio institucional ou em sua p{\'a}gina pessoal) a qualquer momento antes e depois da confer{\^e}ncia.},
  shorttitle = {{Projetos CPAI}},
  language = {pt},
  timestamp = {2016-11-29T19:19:26Z},
  urldate = {2016-04-27},
  booktitle = {{6\textordmasculine{} Col{\'o}quio de Arquitetura da Informa{\c c}{\~a}o}},
  author = {Souza, Bruno Carvalho Castro},
  month = apr,
  year = {2016}
}


